
% MyStuff -----------------------------------------------------------------------------------------------

@article{maurer2018facility,
  title={Facility Locations Utility for Uncovering Classifier Overconfidence},
  author={Maurer, Karsten and Bennette, Walter},
  journal={arXiv preprint arXiv:1810.05571},
  year={2019}
}

@article{maurer2019content,
  title={Content Audit for p-value Principles in Introductory Statistics},
  author={Maurer, Karsten and Hudiburgh, Lynette and Werwinski, Lisa and Bailer, John},
  journal={The American Statistician},
  volume={73},
  number={sup1},
  pages={385--391},
  year={2019},
  publisher={Taylor \& Francis}
}

@article{maurer2019tale,
  title={A tale of four cities: exploring the soul of State College, Detroit, Milledgeville and Biloxi},
  author={Maurer, Karsten and Osthus, Dave and Loy, Adam},
  journal={Computational Statistics},
  pages={1--23},
  year={2019},
  publisher={Springer}
}


@article{garrett2018ggvoronoi,
  title={ggvoronoi: Voronoi Diagrams and Heatmaps with ggplot2.},
  author={Garrett, Robert C and Nar, Austin and Fisher, Thomas J and Maurer, Karsten},
  journal={J. Open Source Software},
  volume={3},
  number={32},
  pages={1096},
  year={2018}
}

@article{alessio2018impact,
  title={The Impact of Video Proctoring in Online Courses.},
  author={Alessio, Helaine and Maurer, Karsten},
  journal={Journal on Excellence in College Teaching},
  volume={29},
  pages={183--192},
  year={2018},
  publisher={ERIC}
}

@article{alessio2018international,
  title={International Review of Research in Open and Distributed Learning},
  author={Alessio, Helaine M and Malay, Nancy and Maurer, Karsten and Bailer, A John and Rubin, Beth},
  journal={Interaction},
  volume={19},
  number={5},
  year={2018}
}

@article{miljkovic2018examining,
  title={Examining the impact on mortality arising from climate change: important findings for the insurance industry},
  author={Miljkovic, Tatjana and Miljkovic, Dragan and Maurer, Karsten},
  journal={European Actuarial Journal},
  volume={8},
  number={2},
  pages={363--381},
  year={2018},
  publisher={Springer}
}

@article{alessio2017examining,
  title={Examining the effect of proctoring on online test scores.},
  author={Alessio, Helaine M and Malay, Nancy and Maurer, Karsten and Bailer, A John and Rubin, Beth},
  journal={Online Learning},
  volume={21},
  number={1},
  pages={146--161},
  year={2017},
  publisher={ERIC}
}

@article{maurer2016comparison,
  title={Comparison of learning outcomes for simulation-based and traditional inference curricula in a designed educational experiment},
  author={Maurer, Karsten and Lock, Dennis},
  journal={Technology Innovations in Statistics Education},
  volume={9},
  number={1},
  year={2016}
}

@article{anderson2013self,
  title={Self-selection and variations in the laboratory measurement of other-regarding preferences across subject pools: evidence from one college student and two adult samples},
  author={Anderson, Jon and Burks, Stephen V and Carpenter, Jeffrey and G{\"o}tte, Lorenz and Maurer, Karsten and Nosenzo, Daniele and Potter, Ruth and Rocha, Kim and Rustichini, Aldo},
  journal={Experimental Economics},
  volume={16},
  number={2},
  pages={170--189},
  year={2013},
  publisher={Springer}
}

% Journals -----------------------------------------------------------------------------------------------

@Article{Albert2009,
 author = {J. Albert},
 title = {Discrete Bayes in R},
 journal = {Technology Innovations in Statistics Education},
 year = {2009},
 OPTvolume = {3},
 OPTnumber = {1},
 OPTpages = {1-16},
}

@Article{BaglinBedfordBulmer2013,
 author = {J. Baglin and A. Bedford and M. Bulmer},
 title = {Students' Experiences and Perceptions of Using a Virtual Environment for Project-Based Assessment in an Online Introductory Statistics Course},
 journal = {Technology Innovations in Statistics Education},
 year = {2013},
 OPTvolume = {7},
 OPTnumber = {2},
 OPTpages = {1-15},
}

@Article{BaglinDaCosta2013,
 author = {J. Baglin and C. DaCosta},
 title = {Comparing Training Approaches for Technological Skill Development in Introductory Statistics Courses},
 journal = {Technology Innovations in Statistics Education},
 year = {2013},
 OPTvolume = {7},
 OPTnumber = {1},
 OPTpages = {1-23},
}

@Article{Bilgin2013,
 author = {A. A. Bilgin},
 title = {Discussion How Can Technology be Used to Teach Statistical Practice?},
 journal = {Technology Innovations in Statistics Education},
 year = {2013},
 OPTvolume = {7},
 OPTnumber = {2},
 OPTpages = {1-4},
}

@Article{Budgett2013,
 author = {S. Budgett and M. Pfannkuch and M. Regan and C.J. Wild},
 title = {Dynamic Visualisation and the Randomization Test},
 journal = {Technology Innovations in Statistics Education},
 year = {2013},
 OPTvolume = {7},
 OPTnumber = {2},
 OPTpages = {1-21},
}

@Article{Bulmer2011,
 author = {M. Bulmer and K. J. Haladyn},
 title = {Life on an Island: a Simulated Population to Support Student Projects in Statistics},
 journal = {Technology Innovations in Statistics Education},
 year = {2011},
 OPTvolume = {5},
 OPTnumber = {1},
 OPTpages = {1-20},
}

@Article{Callingham2011,
 author = {R. Callingham},
 title = {Assessing Statistical Understanding in Middle Schools: Emerging Issues in Technology-Rich Environment},
 journal = {Technology Innovations in Statistics Education},
 year = {2011},
 OPTvolume = {5},
 OPTnumber = {1},
 OPTpages = {1-11},
}

@Article{Carlson2011,
 author = {K.A. Carlson and J.R. Winquist},
 title = {Evaluating an Active Learning Approach to Teaching Introductory Statistics: A Classroom Workbook Approach},
 journal = {Journal of Statistical Education},
 year = {2011},
 OPTvolume = {19},
 OPTnumber = {1},
 OPTpages = {1-23},
}

@Article{Carver2011,
 author = {R.H. Carver},
 title = {Introductory Statistics Unconstrained by Computability: A New Cobb Salad},
 journal = {Technology Innovations in Statistics Education},
 year = {2011},
 OPTvolume = {5},
 OPTnumber = {1},
 OPTpages = {1-14},
}

@Article{Chance2007,
 author = {B. Chance and D. Ben-Avi and J. Garfield and E. Medina},
 title = {The Role of Technology in Improving Student Learning of Statistics},
 journal = {Technology Innovations in Statistics Education},
 year = {2007},
 OPTvolume = {1},
 OPTnumber = {1},
 OPTpages = {1-26},
}

@MISC{CampusComputing,
    author = {K.C. Green},
    title = {The Campus Computing Project: A National Survey of Computation and Information Technology},
    month = {October},
    year = {2013},
    url={http://www.campuscomputing.net/sites/www.campuscomputing.net/files/CampusComputing2013_1.pdf}
} 

@Article{Cobb2007,
 author = {G.W. Cobb},
 title = {The Introductory Statistics Course: A Ptolemaic Curriculum},
 journal = {Technology Innovations in Statistics Education},
 year = {2007},
 OPTvolume = {1},
 OPTnumber = {1},
 OPTpages = {1-15},
}

@Article{Cook2002,
 author = {T.D. Cook},
 title = {Randomized Experiments in Educational Policy Research: A Critical Examination of the Reasons the Educational Evaluation Community has Offered for not Doing Them},
 journal = {Educational Evaluation and Policy Analysis},
 year = {2002},
 OPTvolume = {24},
 OPTnumber = {1},
 OPTpages = {175-199},
}

@Article{DelMas2007,
 author = {R. DelMas and J. Garfield and A. Ooms and B. Chance},
 title = {Assessing Students' Conceptual Understanding After a First Course in Statistics},
 journal = {Statistics Education Research Journal},
 year = {2007},
 OPTvolume = {6},
 OPTnumber = {2},
 OPTpages = {28-58},
}

@Article{Everson2008,
 author = {M. G. Everson and J. Garfield},
 title = {An Innovation Approach to Teaching Online Statistics Courses},
 journal = {Technology Innovations in Statistics Education},
 year = {2008},
 OPTvolume = {2},
 OPTnumber = {1},
 OPTpages = {1-18},
}

@Article{Finzer2007,
 author = {W. Finzer and T. Erickson and K. Swenson and M. Litwin},
 title = {On Getting More and Better Data into the Classroom},
 journal = {Technology Innovations in Statistics Education},
 year = {2007},
 OPTvolume = {1},
 OPTnumber = {1},
 OPTpages = {1-10},
}

@Article{Finzer2013,
 author = {W. Finzer},
 title = {The Data Science Education Dilemma},
 journal = {Technology Innovations in Statistics Education},
 year = {2013},
 OPTvolume = {7},
 OPTnumber = {2},
 OPTpages = {1-9},
}

@Article{Forbes2012,
 author = {S.D. Forbes},
 title = {Data Visualization: A motivational and Teaching Tool in Official Statistics},
 journal = {Technology Innovations in Statistics Education},
 year = {2012},
 OPTvolume = {6},
 OPTnumber = {1},
 OPTpages = {1-19},
}

@MISC{GAISEcollege,
    author = {M. Aliaga and G. Cobb and C. Cuff and J. Garfield and R. Gould and R. Lock and T. Moore and A. Rossman and B. Stephenson and J. Utts and P. Velleman and J. Witmer },
    title = {Guidelines for Assessment and Instruction in Statistics Education: College Report},
    year = {2005},
    OPTpages = {1-61},
}

@MISC{GAISEk12,
    author = {C. Franklin and G. Kader and D. Mewborn and J. Moreno and R. Peck and M. Perry and R. Schaffer},
    title = {Guidelines for Assessment and Instruction in Statistics Education: A Pre-K-12 Curriculum Framework},
    year = {2005},
    OPTpages = {1-61},
}

@Article{Harraway2012,
 author = {J.A. Harraway},
 title = {Learning Statistics Using Motivational Videos, Real Data and Free Software},
 journal = {Technology Innovations in Statistics Education},
 year = {2012},
 OPTvolume = {6},
 OPTnumber = {1},
 OPTpages = {1-21},
}

@Article{Harlow2009,
 author = {J. Harlow and B. Ashman and R. Sainudiin},
 title = {Extending Galton's Binomial Quincunx to the Trinomial Septcunx},
 journal = {Technology Innovations in Statistics Education},
 year = {2009},
 OPTvolume = {3},
 OPTnumber = {2},
 OPTpages = {1-16},
}

@Article{Hassad2013,
 author = {R. A. Hassad},
 title = {Faculty Attitude towards Technology-Assisted Instruction for Introductory Statistics in the Context of Educational Reform},
 journal = {Technology Innovations in Statistics Education},
 year = {2013},
 OPTvolume = {7},
 OPTnumber = {2},
 OPTpages = {1-17},
}

@Article{Hoff2012,
 author = {S. Hoff and R.L. Heiny and J.J. Perrett},
 title = {An Exploration of the Exact Distribution and Probability for Sample Means for Small Random Samples},
 journal = {Technology Innovations in Statistics Education},
 year = {2012},
 OPTvolume = {6},
 OPTnumber = {1},
 OPTpages = {1-19},
}

@Article{Howe2004,
 author = {K.R. Howe},
 title = {Randomized Experiments in Educational Policy Research: A Critical Examination of the Reasons the Educational Evaluation Community has Offered for not Doing Them},
 journal = {Educational Evaluation and Policy Analysis},
 year = {2004},
 OPTvolume = {10},
 OPTnumber = {4},
 OPTpages = {42-61},
}

@Article{Kaplan2011,
 author = {J.J. Kaplan},
 title = {Innovative Activities: How Clickers can Facilitate the Use of Simulation in Large Lecture Classes},
 journal = {Technology Innovations in Statistics Education},
 year = {2011},
 OPTvolume = {5},
 OPTnumber = {1},
 OPTpages = {1-14},
}

@Article{Konold2008,
 author = {C. Konold and S. Kazak},
 title = {Reconnecting Data and Chance},
 journal = {Technology Innovations in Statistics Education},
 year = {2008},
 OPTvolume = {2},
 OPTnumber = {1},
 OPTpages = {1-37},
}

@Article{LaneGetaz2013,
 author = {S.J. Lane-Getaz},
 title = {Development of a Reliable Measure of Students' Inferential Reasoning Ability},
 journal = {Statistics Education Research Journal},
 year = {2013},
 OPTvolume = {12},
 OPTnumber = {1},
 OPTpages = {20-35},
}

@Article{Lee2009,
 author = {H.S. Lee and T.J. Lee},
 title = {Reasoning about Probabilistic Phenomia: Lessons Learned and Applied in Software Design},
 journal = {Technology Innovations in Statistics Education},
 year = {2009},
 OPTvolume = {3},
 OPTnumber = {2},
 OPTpages = {1-21},
}

@Article{McDanielGreen2012Paper1,
 author = {S.N. McDaniel and L. Green},
 title = {Independent Interactive Inquiry-Based Leaning Modules Using Audio-Visual Instruction in Statistics},
 journal = {Technology Innovations in Statistics Education},
 year = {2012},
 OPTvolume = {6},
 OPTnumber = {1},
 OPTpages = {1-20},
}

@Article{McDanielGreen2012Paper2,
 author = {S.N. McDaniel and L. Green},
 title = {Using Applets and Video Instruction to Foster Students' Understanding of Sampling Variability},
 journal = {Technology Innovations in Statistics Education},
 year = {2012},
 OPTvolume = {6},
 OPTnumber = {1},
 OPTpages = {1-17},
}

@Article{McGowanGunderson2010,
 author = {H.M. McGowan and B.K. Gunderson},
 title = {A Randomized Experiment Exploring how Certain Features of Clicker Use Effect Undergraduate Student's Engagement and Learning in Statistics},
 journal = {Technology Innovations in Statistics Education},
 year = {2010},
 OPTvolume = {4},
 OPTnumber = {1},
 OPTpages = {1-29},
}

@Article{McGowan2011,
 author = {H.M. McGowan},
 title = {Planning a Comparative Experiment in Educational Settings},
 journal = {Journal of Statistics Education},
 year = {2011},
 OPTvolume = {19},
 OPTnumber = {2},
 OPTpages = {1-19},
}

@Article{Moore1997,
 author = {D. S. Moore},
 title = {New Pedagogy and New Content: The Case of Statistics},
 journal = {International Statistical Review},
 year = {1997},
 OPTvolume = {65},
 OPTnumber = {1},
 OPTpages = {123-165},
}

@Article{Neumann2013,
 author = {D. Neumann and M. Hood and M. Neumann},
 title = {Using Real-Life Data When Teaching Statistics: Student Perceptions of this Strategy in an Introductory Statistics Course},
 journal = {Statistics Education Research Journal},
 year = {2013},
 OPTvolume = {12},
 OPTnumber = {2},
 OPTpages = {59-70},
}

@Article{Nicholson2013,
 author = {J. Nicholson and J. Ridgeway and S. McCluster},
 title = {Getting Real Statistics into all Curriculum Subject Areas: Can Technology Make this a Reality},
 journal = {Technology Innovations in Statistics Education},
 year = {2013},
 OPTvolume = {7},
 OPTnumber = {2},
 OPTpages = {1-16},
}

@Article{Ooms2008,
 author = {A. Ooms and J. Garfield},
 title = {A Model to Evaluate Online Educational Resourses in Statistics},
 journal = {Technology Innovations in Statistics Education},
 year = {2008},
 OPTvolume = {2},
 OPTnumber = {1},
 OPTpages = {1-17},
}

@Article{Ragasa2008,
 author = {C.Y. Ragasa},
 title = {A Comparison of Computer-Assisted Instruction and the Traditional Method of Teaching Basic Statistics},
 journal = {Journal of Statistics Education},
 year = {2008},
 OPTvolume = {16},
 OPTnumber = {1},
 OPTpages = {1-10},
}


@Article{Ridgeway2013,
 author = {J. Ridgeway and J. Nicholson and S. McCluster},
 title = {'Open Data' and the Semantic Web Required a Rethnk on Statistics Teaching},
 journal = {Technology Innovations in Statistics Education},
 year = {2013},
 OPTvolume = {7},
 OPTnumber = {2},
 OPTpages = {1-12},
}

@Article{Rubin2007,
 author = {A. Rubin},
 title = {Much Has Changed; Little Has Changed: Revisiting the Role of Technology in Statistics Education 1992-2007},
 journal = {Technology Innovations in Statistics Education},
 year = {2007},
 OPTvolume = {1},
 OPTnumber = {1},
 OPTpages = {1-33},
}

@Article{Schmidt2013,
 author = {K. K. Schmidt},
 title = {Virtual Discussion for Real Understanding: The Use of an Online Discussion Board in and Introductory Biostatistics Course},
 journal = {Technology Innovations in Statistics Education},
 year = {2013},
 OPTvolume = {7},
 OPTnumber = {1},
 OPTpages = {1-14},
}

@Article{Schutes2009,
 author = {K. Shutes},
 title = {A Note on Using Individualised Data Sets for Statistics Coursework},
 journal = {Technology Innovations in Statistics Education},
 year = {2009},
 OPTvolume = {3},
 OPTnumber = {2},
 OPTpages = {1-9},
}

@Article{Shaltayev2010,
 author = {D.S. Shaltayev and H. Hodges and R.B. Hasbrouck},
 title = {VISA: Reducing Technological Impact on Student Learning in an Introductory Statistics Course},
 journal = {Technology Innovations in Statistics Education},
 year = {2010},
 OPTvolume = {4},
 OPTnumber = {1},
 OPTpages = {1-20},
}

@Article{Tintle2011,
 author = {N. Tintle and J. VanderStoep and V. Holmes and B. Quisenberry and T. Swanson},
 title = {Development and Assessment of Preliminary Randomization-Based Introductory Statistics Curriculum},
 journal = {Journal of Statistics Education},
 year = {2011},
 OPTvolume = {19},
 OPTnumber = {1},
 OPTpages = {1-25},
}

@Article{Tintle2012,
 author = {N. Tintle and K. Topliff and J. VanderStoep and V. Holmes and T. Swanson},
 title = {Retention of Statistical Concepts in a Preliminary Randomization-Based Introductory Statistics Curriculum},
 journal = {Statistics Education Research Journal},
 year = {2012},
 OPTvolume = {11},
 OPTnumber = {1},
 OPTpages = {21-40},
}

@Article{Williams2012,
 author = {A. Williams},
 title = {Online Homework vs. Traditional Homework; Statistics Anxiety and Self-Efficacy in an Educational Statistics Course},
 journal = {Technology Innovations in Statistics Education},
 year = {2012},
 OPTvolume = {6},
 OPTnumber = {1},
 OPTpages = {1-19},
}

% Books  ---------------------------------------------------------------------------------------------------

@Book{Lock5,
 author = "R.H. Lock and P.F. Lock and K.L.Morgan and E.F. Lock and D.F.Lock",
 title = "Statistics: Unlocking the Power of Data",
 publisher = "Wiley",
 address = "Hoboken, NJ",
 year = 2013,
 isbn = "9780470601877",
}

@Book{ISI,
 author = "N. Tintle and B. Chance and G. Cobb and A. Rossman and S. Roy and T. Swanson and J. Vanderstoep",
 title = "Introduction to Statistical Investigations",
 publisher = "Wiley",
 address = "Hoboken, NJ",
 year = 2014,
 isbn = "1118956672",
}

@Book{Forta,
 author = "B. Forta",
 title = "MySQL: Crash Course",
 publisher = "Sams Publishing",
 address = "Indianapolis, IN",
 year = 2006,
 isbn = "0672327120",
}

@Book{Schwartz,
 author = "B. Schwartz and P. Zaitsev and V. Tkachenko",
 title = "High Performance MySQL",
 publisher = "O'Reilly",
 address = "Sebastopol, CA",
 year = 2012,
 isbn = "9781449314286",
}


% R packages -----------------------------------------------------------------------------------------------

  @Manual{LearnBayes,
    title = {LearnBayes: Functions for Learning Bayesian Inference},
    author = {Jim Albert},
    year = {2014},
    note = {R package version 2.15},
    url = {http://CRAN.R-project.org/package=LearnBayes},
  }

@Book{Yihui,
 author = "Yihui Xie",
 title = "Dynamic Documents with R and knitr ",
 publisher = "Chapman and Hall/CRC",
 address = "Boca Raton, FL",
 year = 2013,
 isbn = "1482203537 ",
}

@Manual{shiny,
    title = {shiny: Web Application Framework for R},
    author = {{RStudio} and {Inc.}},
    year = {2014},
    note = {R package version 0.9.1},
    url = {http://CRAN.R-project.org/package=shiny},
  }

  @Manual{RMySQL,
    title = {RMySQL: R interface to the MySQL database},
    author = {David A. James and Saikat DebRoy},
    year = {2012},
    note = {R package version 0.9-3},
    url = {http://CRAN.R-project.org/package=RMySQL},
  }


% Software -----------------------------------------------------------------------------------------------


  @Manual{R,
    title = {R: A Language and Environment for Statistical Computing},
    author = {{R Core Team}},
    organization = {R Foundation for Statistical Computing},
    address = {Vienna, Austria},
    year = {2013},
    url = {http://www.R-project.org/},
  }

@Manual{SAS,
  author  = {{SAS Institute Inc.}},
  title   = {SAS/STAT Software, Version~9.1},
  year    = {2014},
  address = {Cary, NC},
  url     = {http://www.sas.com/},
}

@Manual{SPSS,
  title = "IBM SPSS Statistics for Windows, Version 22.0",
  author = {{IBM Corp.}},
  address = "Armonk, NY",
  year = 2013,
  url = "www.ibm.com/software/analytics/spss/",
}

@Manual{STATA,
  title = "Stata Statistical Software: Release 13",
  author = {{StataCorp LP}},
  address = "College Station, TX",
  year = 2013,
  url = "www.stata.com",
}

@Manual{Minitab,
  title = "Minitab 17 Statistical Software",
  author = {{Minitab, Inc.}},
  address = "State College, PA",
  year = 2010,
  url = "www.minitab.com",
}

@Manual{MATLAB,
year = {2014},
author = {MATLAB},
title = {version 8.3.0 (R2014a)},
publisher = {The MathWorks Inc.},
address = {Natick, Massachusetts}
}

@Manual{Mathematica,
  title = "Mathematica",
  author = {{Wolfram}},
  publisher = {Wolfram Research, Inc.},
  address = "Champaign, IL",
  year = 2014,
  url = "www.wolfram.com/mathematica/",
}

@Manual{Excel,
  title = "Microsoft Excel",
  author = {{Microsoft Corp.}},
  address = "Redmond, WA",
  year = 2013,
  url = "office.microsoft.com/en-us/excel/",
}

@Manual{MySQL,
title = {MySQL},
author = {{Oracle Corp.}},
organization = {Oracle Corp.},
year = 2014,
url = {www.mysql.com/}
} 


% Course Platforms  --------------------------------------------------------------------------

@ONLINE{Blackboard,
	author = {{Blackboard Inc.}},
    	year= {2014},
     	howpublished= {\url{http://www.blackboard.com}},
     	note = {Accessed: 09/03/2014},
}

@MISC{Desire2Learn,
	author = {{Desire2Learn}},
   	year = {2014},
   	howpublished= {\url{http://www.brightspace.com/}},
   	note = {Accessed: 09/03/2014},
}

@ONLINE{Moodle,
	author = {{Moodle}},
    	year= {2014},
     	howpublished= {\url{https://moodle.org/}},
     	note = {Accessed: 09/03/2014},
}

% Misc websites ---------------------------------------------------------------


@ONLINE{APcalculator,
	author = {{The College Board}},
	title = {AP Statistics: Calculator Policy},
   	year= {2014},
     	howpublished= {\url{apstudent.collegeboard.org/apcourse/ap-statistics/calculator-policy}},
     	note = {Accessed: 09/05/2014}
}

@ONLINE{CATALST,
	author = {{CATALST}},
	title = {Change Agents for Teaching and Learning Statistics (CATALST) Materials},
   	year= {2012},
     	howpublished= {\url{www.tc.umn.edu/~catalst/materials}},
     	note = {Accessed: 09/06/2014}
}

@ONLINE{ICOTS9,
	author = {{ICOTS9}},
	title = {International Conference on Teaching Statistics 9: Program},
   	year= {2014},
     	howpublished= {\url{http://icots.info/9/programme.php}},
     	note = {Accessed: 09/06/2014}
}


% Data Repos ---------------------------------------------------------------


@ONLINE{ATLAS,
	author = {{ATLAS}},
	title = {Applied Technologies for Learning in the Arts \& Sciences (ATLAS) Data Repositories},
   	year= {2014},
     	howpublished= {\url{http://www.atlas.illinois.edu/services/stats/archive/repositories/}},
     	note = {Accessed: 09/04/2014}
}

@ONLINE{CAUSErepo,
	author = {{CAUSE}},
	title = {Consortium for the Advancement of Undergraduate Statistics Education Resourses},
    	year= {2014},
     	howpublished= {\url{https://www.causeweb.org/resources/}},
     	note = {Accessed: 09/03/2014}
}

@ONLINE{CDC,
	author = {{Center for Disease Control}},
	title = {Center for Disease Control (CDC)},
   	year= {2014},
     	howpublished= {\url{www.cdc.gov}},
     	note = {Accessed: 09/04/2014}
}

@ONLINE{Census,
	author = {{U.S. Census Bureau}},
	title = {U.S. Census Bureau},
   	year= {2014},
     	howpublished= {\url{www.census.gov}},
     	note = {Accessed: 09/04/2014}
}

@ONLINE{DASL,
	author = {{DASL Project}},
	title = {The Data and Story Library (DASL)},
   	year= {1996},
     	howpublished= {\url{http://lib.stat.cmu.edu/DASL/}},
     	note = {Accessed: 09/03/2014}
}

@ONLINE{DataGov,
	author = {{U.S. General Services Administration}},
	title = {data.gov},
   	year= {2014},
     	howpublished= {\url{www.data.gov}},
     	note = {Accessed: 09/04/2014}
}

@ONLINE{ICPSR,
	author = {{ICPSR}},
	title = {Inter-university Consortium for Political and Social Research},
   	year= {2014},
     	howpublished= {\url{www.icpsr.umich.edu}},
     	note = {Accessed: 09/04/2014}
}

@ONLINE{JSErepo,
	author = {{American Statistical Association}},
	title = {Journal of Statistics Education (JSE) Data Archives},
   	year= {2014},
     	howpublished= {\url{http://www.amstat.org/publications/jse/jse_data_archive.htm}},
     	note = {Accessed: 09/03/2014}
}

@ONLINE{ManyEyes,
	author = {{IBM Corp.}},
	title = {Many Eyes},
    	year= {2013},
    	 howpublished= {\url{www.ibm.com/manyeyes}},
    	 note = {Accessed: 09/03/2014}
}

@ONLINE{GSS,
	author = {{NORC}},
	title = {General Social Survey},
   	year= {2014},
     	howpublished= {\url{http://www3.norc.org/GSS+Website/}},
     	note = {Accessed: 09/04/2014}
}

@ONLINE{OzDASL,
     	author = {G.K. Smyth},
     	year= {2011},
     	title = {Australasian Data and Story Library (OzDASL)},
    	howpublished= {\url{http://www.statsci.org/data}},
     	note = {Accessed: 09/03/2014}
}

@ONLINE{Roper,
	author = {{Roper Center}},
	title = {Roper Center Public Opinion Archives},
   	year= {2014},
     	howpublished= {\url{www.ropercenter.uconn.edu/}},
     	note = {Accessed: 09/04/2014}
}

@ONLINE{SSW,
	author = {G. Smyth},
	title = {Statistical Science Web Data Sets},
   	year= {2014},
     	howpublished= {\url{http://www.statsci.org/datasets.html}},
     	note = {Accessed: 09/04/2014}
}

@ONLINE{WHO,
	author = {{WHO}},
	title = {World Health Organization Multi-Country Studies Data Archive},
   	year= {2014},
     	howpublished= {\url{http://apps.who.int/healthinfo/systems/surveydata/index.php/catalog}},
     	note = {Accessed: 09/04/2014}
}

@ONLINE{WorldBank,
	author = {{World Bank}},
	title = {World Bank Open Data},
   	year= {2014},
     	howpublished= {\url{data.worldbank.org/}},
     	note = {Accessed: 09/04/2014}
}

@LEGISLATION{FOIA,
	title = {FOIA UPDATE: THE FREEDOM OF INFORMATION ACT, 5 U.S.C. SECT. 552, AS AMENDED BY PUBLIC LAW NO. 104-231, 110 STAT. 3048},
	author={{U.S.C.}},
	year = {1996},
	url = {http://www.foia.gov/},
}



% Binning stuff ------------------------------------------------------------------------

@Article{Carr1987,
 author = {D.B. Carr and R.J. Littlefield and W.L. Nicholson and J.S. Littlefield},
 title = {Scatterplot Matrix Techniques for Large N},
 journal = {Journal of the American Statistical Association},
 year = {1987},
 OPTvolume = {82},
 OPTnumber = {398},
 OPTpages = {424-436},
}

@Article{Cleveland1987,
 author = {W.S. Cleveland},
 title = {Research in Statistical Graphics},
 journal = {Journal of the American Statistical Association},
 year = {1987},
 OPTvolume = {82},
 OPTnumber = {398},
 OPTpages = {419-423},
}

@Article{Keim1996,
 author = {D.A. Kiem},
 title = {Pixel-Oriented Visualization Techniques for Exploring Very Large Data Bases},
 journal = {Journal of Computational and Graphical Statistics},
 year = {1996},
 OPTvolume = {5},
 OPTnumber = {1},
 OPTpages = {58-77},
}

@Book{Gold2006,
 author = "Antony Unwin and Martin Theus and Heike Hofmann",
 title = "Graphics of Large Datasets",
 publisher = "Springer",
 address = " New York",
 year = 2006,
 isbn = "0387329064",
}

@incollection{Theus2006,
 author = "Martin Theus",
 title = "Scaling Up Graphics",
 booktitle = "Graphics of Large Datasets",
 publisher = "Springer",
 address = " New York",
 year = 2006,
 isbn = "0387329064",
}

@Article{Unwin1999,
 author = {A. Unwin},
 title = {Visualising Large Data Sets},
 journal = {Sistemi Complessi e Statistica Computazionale},
 year = {1999},
 OPTpages = {129-136},
}

@Article{Wilkinson2000,
 author = {L. Wilkinson and D.J. Rope and D.B. Carr and M.A. Rubin},
 title = {The Language of Graphics},
 journal = {Journal of Computational and Graphical Statistics},
 year = {2000},
 OPTvolume = {9},
 OPTnumber = {3},
 OPTpages = {530-543},
}



